%YAML 1.1
%TAG !u! tag:unity3d.com,2011:
--- !u!1 &386824890153477548
GameObject:
  m_ObjectHideFlags: 0
  m_CorrespondingSourceObject: {fileID: 0}
  m_PrefabInstance: {fileID: 0}
  m_PrefabAsset: {fileID: 0}
  serializedVersion: 6
  m_Component:
  - component: {fileID: 7651864646910388675}
  m_Layer: 0
  m_Name: LArm
  m_TagString: Untagged
  m_Icon: {fileID: 0}
  m_NavMeshLayer: 0
  m_StaticEditorFlags: 0
  m_IsActive: 1
--- !u!4 &7651864646910388675
Transform:
  m_ObjectHideFlags: 0
  m_CorrespondingSourceObject: {fileID: 0}
  m_PrefabInstance: {fileID: 0}
  m_PrefabAsset: {fileID: 0}
  m_GameObject: {fileID: 386824890153477548}
  m_LocalRotation: {x: 0.19335705, y: 0.031331852, z: -0.09129253, w: 0.9763693}
  m_LocalPosition: {x: -0.13001628, y: -0.00000009689331, z: -0.000000048446655}
  m_LocalScale: {x: 1, y: 1.0000001, z: 0.9999999}
  m_ConstrainProportionsScale: 0
  m_Children:
  - {fileID: 1718705959320862658}
  m_Father: {fileID: 6763308455046396572}
  m_RootOrder: 0
  m_LocalEulerAnglesHint: {x: 0, y: 0, z: 0}
--- !u!1 &491251868417432299
GameObject:
  m_ObjectHideFlags: 0
  m_CorrespondingSourceObject: {fileID: 0}
  m_PrefabInstance: {fileID: 0}
  m_PrefabAsset: {fileID: 0}
  serializedVersion: 6
  m_Component:
  - component: {fileID: 2869217028445897478}
  m_Layer: 0
  m_Name: Origin
  m_TagString: Untagged
  m_Icon: {fileID: 0}
  m_NavMeshLayer: 0
  m_StaticEditorFlags: 0
  m_IsActive: 1
--- !u!4 &2869217028445897478
Transform:
  m_ObjectHideFlags: 0
  m_CorrespondingSourceObject: {fileID: 0}
  m_PrefabInstance: {fileID: 0}
  m_PrefabAsset: {fileID: 0}
  m_GameObject: {fileID: 491251868417432299}
  m_LocalRotation: {x: 0, y: -0, z: -0, w: 1}
  m_LocalPosition: {x: -0, y: 0, z: 0}
  m_LocalScale: {x: 1, y: 1, z: 1}
  m_ConstrainProportionsScale: 0
  m_Children:
  - {fileID: 9115888458655109648}
  m_Father: {fileID: 6938094480107025936}
  m_RootOrder: 0
  m_LocalEulerAnglesHint: {x: 0, y: 0, z: 0}
--- !u!1 &498191140646168928
GameObject:
  m_ObjectHideFlags: 0
  m_CorrespondingSourceObject: {fileID: 0}
  m_PrefabInstance: {fileID: 0}
  m_PrefabAsset: {fileID: 0}
  serializedVersion: 6
  m_Component:
  - component: {fileID: 6331831705808615514}
  m_Layer: 0
  m_Name: pm0025_00_SippoSkin
  m_TagString: Untagged
  m_Icon: {fileID: 0}
  m_NavMeshLayer: 0
  m_StaticEditorFlags: 0
  m_IsActive: 1
--- !u!4 &6331831705808615514
Transform:
  m_ObjectHideFlags: 0
  m_CorrespondingSourceObject: {fileID: 0}
  m_PrefabInstance: {fileID: 0}
  m_PrefabAsset: {fileID: 0}
  m_GameObject: {fileID: 498191140646168928}
  m_LocalRotation: {x: 0, y: -0, z: -0, w: 1}
  m_LocalPosition: {x: -0, y: 0, z: 0}
  m_LocalScale: {x: 1, y: 1, z: 1}
  m_ConstrainProportionsScale: 0
  m_Children: []
  m_Father: {fileID: 5350253645640144282}
  m_RootOrder: 0
  m_LocalEulerAnglesHint: {x: 0, y: 0, z: 0}
--- !u!1 &532638528140899762
GameObject:
  m_ObjectHideFlags: 0
  m_CorrespondingSourceObject: {fileID: 0}
  m_PrefabInstance: {fileID: 0}
  m_PrefabAsset: {fileID: 0}
  serializedVersion: 6
  m_Component:
  - component: {fileID: 4242141522565693040}
  m_Layer: 0
  m_Name: Tail1
  m_TagString: Untagged
  m_Icon: {fileID: 0}
  m_NavMeshLayer: 0
  m_StaticEditorFlags: 0
  m_IsActive: 1
--- !u!4 &4242141522565693040
Transform:
  m_ObjectHideFlags: 0
  m_CorrespondingSourceObject: {fileID: 0}
  m_PrefabInstance: {fileID: 0}
  m_PrefabAsset: {fileID: 0}
  m_GameObject: {fileID: 532638528140899762}
  m_LocalRotation: {x: 0.57168245, y: 0.0000007246595, z: 0.820475, w: -0.0000010400266}
  m_LocalPosition: {x: -0.09948518, y: 0, z: -0.2291363}
  m_LocalScale: {x: 1, y: 1, z: 1}
  m_ConstrainProportionsScale: 0
  m_Children:
  - {fileID: 8127661034820436207}
  m_Father: {fileID: 6154338321311888576}
  m_RootOrder: 4
  m_LocalEulerAnglesHint: {x: 0, y: 0, z: 0}
--- !u!1 &583122371803961575
GameObject:
  m_ObjectHideFlags: 0
  m_CorrespondingSourceObject: {fileID: 0}
  m_PrefabInstance: {fileID: 0}
  m_PrefabAsset: {fileID: 0}
  serializedVersion: 6
  m_Component:
  - component: {fileID: 6805668656103366283}
  m_Layer: 0
  m_Name: REar2
  m_TagString: Untagged
  m_Icon: {fileID: 0}
  m_NavMeshLayer: 0
  m_StaticEditorFlags: 0
  m_IsActive: 1
--- !u!4 &6805668656103366283
Transform:
  m_ObjectHideFlags: 0
  m_CorrespondingSourceObject: {fileID: 0}
  m_PrefabInstance: {fileID: 0}
  m_PrefabAsset: {fileID: 0}
  m_GameObject: {fileID: 583122371803961575}
  m_LocalRotation: {x: -4.9960036e-16, y: -0.000000011175871, z: -0.000000044703484, w: 1}
  m_LocalPosition: {x: -0.13545801, y: 0.00000038757324, z: -0.00000010900497}
  m_LocalScale: {x: 1, y: 1, z: 1}
  m_ConstrainProportionsScale: 0
  m_Children:
  - {fileID: 3354409520247499154}
  m_Father: {fileID: 127094914688438550}
  m_RootOrder: 0
  m_LocalEulerAnglesHint: {x: 0, y: 0, z: 0}
--- !u!1 &691730482491502510
GameObject:
  m_ObjectHideFlags: 0
  m_CorrespondingSourceObject: {fileID: 0}
  m_PrefabInstance: {fileID: 0}
  m_PrefabAsset: {fileID: 0}
  serializedVersion: 6
  m_Component:
  - component: {fileID: 127094914688438550}
  m_Layer: 0
  m_Name: REar1
  m_TagString: Untagged
  m_Icon: {fileID: 0}
  m_NavMeshLayer: 0
  m_StaticEditorFlags: 0
  m_IsActive: 1
--- !u!4 &127094914688438550
Transform:
  m_ObjectHideFlags: 0
  m_CorrespondingSourceObject: {fileID: 0}
  m_PrefabInstance: {fileID: 0}
  m_PrefabAsset: {fileID: 0}
  m_GameObject: {fileID: 691730482491502510}
  m_LocalRotation: {x: -0.19823481, y: -0.014902654, z: -0.36462778, w: 0.9096854}
  m_LocalPosition: {x: -0.30344364, y: 0.15853564, z: 0.013908042}
  m_LocalScale: {x: 1.0000002, y: 1.0000001, z: 1.0000001}
  m_ConstrainProportionsScale: 0
  m_Children:
  - {fileID: 6805668656103366283}
  m_Father: {fileID: 4358955281836216734}
  m_RootOrder: 2
  m_LocalEulerAnglesHint: {x: 0, y: 0, z: 0}
--- !u!1 &765590441305421426
GameObject:
  m_ObjectHideFlags: 0
  m_CorrespondingSourceObject: {fileID: 0}
  m_PrefabInstance: {fileID: 0}
  m_PrefabAsset: {fileID: 0}
  serializedVersion: 6
  m_Component:
  - component: {fileID: 7655314541400306631}
  m_Layer: 0
  m_Name: RForeArm
  m_TagString: Untagged
  m_Icon: {fileID: 0}
  m_NavMeshLayer: 0
  m_StaticEditorFlags: 0
  m_IsActive: 1
--- !u!4 &7655314541400306631
Transform:
  m_ObjectHideFlags: 0
  m_CorrespondingSourceObject: {fileID: 0}
  m_PrefabInstance: {fileID: 0}
  m_PrefabAsset: {fileID: 0}
  m_GameObject: {fileID: 765590441305421426}
  m_LocalRotation: {x: -4.440893e-16, y: -0.000000029802326, z: -0.000000014901163, w: 1}
  m_LocalPosition: {x: -0.13772789, y: -0.0000010900498, z: -0.0000017925262}
  m_LocalScale: {x: 0.9999999, y: 0.9999999, z: 0.99999976}
  m_ConstrainProportionsScale: 0
  m_Children:
  - {fileID: 5579248929601366425}
  m_Father: {fileID: 2040866944190448549}
  m_RootOrder: 0
  m_LocalEulerAnglesHint: {x: 0, y: 0, z: 0}
--- !u!1 &864331360762627702
GameObject:
  m_ObjectHideFlags: 0
  m_CorrespondingSourceObject: {fileID: 0}
  m_PrefabInstance: {fileID: 0}
  m_PrefabAsset: {fileID: 0}
  serializedVersion: 6
  m_Component:
  - component: {fileID: 878391512449545487}
  m_Layer: 0
  m_Name: RFoot
  m_TagString: Untagged
  m_Icon: {fileID: 0}
  m_NavMeshLayer: 0
  m_StaticEditorFlags: 0
  m_IsActive: 1
--- !u!4 &878391512449545487
Transform:
  m_ObjectHideFlags: 0
  m_CorrespondingSourceObject: {fileID: 0}
  m_PrefabInstance: {fileID: 0}
  m_PrefabAsset: {fileID: 0}
  m_GameObject: {fileID: 864331360762627702}
  m_LocalRotation: {x: 0.0000006230753, y: 0.89071697, z: 0.00000077875296, w: 0.45455828}
  m_LocalPosition: {x: -0.16793443, y: -0.00000010900497, z: -0.00000009840727}
  m_LocalScale: {x: 1.0000004, y: 1.0000002, z: 1.0000001}
  m_ConstrainProportionsScale: 0
  m_Children:
  - {fileID: 1589290570125161823}
  - {fileID: 4307391126920179722}
  m_Father: {fileID: 8627025434504156747}
  m_RootOrder: 0
  m_LocalEulerAnglesHint: {x: 0, y: 0, z: 0}
--- !u!1 &926724564788306140
GameObject:
  m_ObjectHideFlags: 0
  m_CorrespondingSourceObject: {fileID: 0}
  m_PrefabInstance: {fileID: 0}
  m_PrefabAsset: {fileID: 0}
  serializedVersion: 6
  m_Component:
  - component: {fileID: 7778437792101013825}
  m_Layer: 0
  m_Name: LFoot
  m_TagString: Untagged
  m_Icon: {fileID: 0}
  m_NavMeshLayer: 0
  m_StaticEditorFlags: 0
  m_IsActive: 1
--- !u!4 &7778437792101013825
Transform:
  m_ObjectHideFlags: 0
  m_CorrespondingSourceObject: {fileID: 0}
  m_PrefabInstance: {fileID: 0}
  m_PrefabAsset: {fileID: 0}
  m_GameObject: {fileID: 926724564788306140}
  m_LocalRotation: {x: 0.0000001703252, y: 0.89071697, z: 0.0000010266729, w: 0.4545583}
  m_LocalPosition: {x: -0.16793437, y: 0, z: 0.00000004390478}
  m_LocalScale: {x: 1, y: 1.0000001, z: 1.0000001}
  m_ConstrainProportionsScale: 0
  m_Children:
  - {fileID: 385861503658026858}
  - {fileID: 8265034337127320237}
  m_Father: {fileID: 1756839708849236539}
  m_RootOrder: 0
  m_LocalEulerAnglesHint: {x: 0, y: 0, z: 0}
--- !u!1 &1113828548976238306
GameObject:
  m_ObjectHideFlags: 0
  m_CorrespondingSourceObject: {fileID: 0}
  m_PrefabInstance: {fileID: 0}
  m_PrefabAsset: {fileID: 0}
  serializedVersion: 6
  m_Component:
  - component: {fileID: 1756839708849236539}
  m_Layer: 0
  m_Name: LLeg
  m_TagString: Untagged
  m_Icon: {fileID: 0}
  m_NavMeshLayer: 0
  m_StaticEditorFlags: 0
  m_IsActive: 1
--- !u!4 &1756839708849236539
Transform:
  m_ObjectHideFlags: 0
  m_CorrespondingSourceObject: {fileID: 0}
  m_PrefabInstance: {fileID: 0}
  m_PrefabAsset: {fileID: 0}
  m_GameObject: {fileID: 1113828548976238306}
  m_LocalRotation: {x: 0.000000021988578, y: -0.6831596, z: -0.000000031052416, w: 0.7302692}
  m_LocalPosition: {x: -0.15915516, y: 0, z: -0.00000009689331}
  m_LocalScale: {x: 1.0000001, y: 1.0000001, z: 1}
  m_ConstrainProportionsScale: 0
  m_Children:
  - {fileID: 7778437792101013825}
  m_Father: {fileID: 5394693393244735559}
  m_RootOrder: 0
  m_LocalEulerAnglesHint: {x: 0, y: 0, z: 0}
--- !u!1 &1125567728626816644
GameObject:
  m_ObjectHideFlags: 0
  m_CorrespondingSourceObject: {fileID: 0}
  m_PrefabInstance: {fileID: 0}
  m_PrefabAsset: {fileID: 0}
  serializedVersion: 6
  m_Component:
  - component: {fileID: 2040866944190448549}
  m_Layer: 0
  m_Name: RArm
  m_TagString: Untagged
  m_Icon: {fileID: 0}
  m_NavMeshLayer: 0
  m_StaticEditorFlags: 0
  m_IsActive: 1
--- !u!4 &2040866944190448549
Transform:
  m_ObjectHideFlags: 0
  m_CorrespondingSourceObject: {fileID: 0}
  m_PrefabInstance: {fileID: 0}
  m_PrefabAsset: {fileID: 0}
  m_GameObject: {fileID: 1125567728626816644}
  m_LocalRotation: {x: -0.19335692, y: 0.031331826, z: 0.09129248, w: 0.9763693}
  m_LocalPosition: {x: -0.13001606, y: 0.0000019378663, z: 0.00000031490325}
  m_LocalScale: {x: 0.9999999, y: 0.9999999, z: 0.99999976}
  m_ConstrainProportionsScale: 0
  m_Children:
  - {fileID: 7655314541400306631}
  m_Father: {fileID: 3977227014214130939}
  m_RootOrder: 0
  m_LocalEulerAnglesHint: {x: 0, y: 0, z: 0}
--- !u!1 &1145905055620595725
GameObject:
  m_ObjectHideFlags: 0
  m_CorrespondingSourceObject: {fileID: 0}
  m_PrefabInstance: {fileID: 0}
  m_PrefabAsset: {fileID: 0}
  serializedVersion: 6
  m_Component:
  - component: {fileID: 5612616347145778690}
  m_Layer: 0
  m_Name: LHand
  m_TagString: Untagged
  m_Icon: {fileID: 0}
  m_NavMeshLayer: 0
  m_StaticEditorFlags: 0
  m_IsActive: 1
--- !u!4 &5612616347145778690
Transform:
  m_ObjectHideFlags: 0
  m_CorrespondingSourceObject: {fileID: 0}
  m_PrefabInstance: {fileID: 0}
  m_PrefabAsset: {fileID: 0}
  m_GameObject: {fileID: 1145905055620595725}
  m_LocalRotation: {x: 0.114791445, y: -0.0000000056908034, z: 0.000000015657921, w: 0.9933896}
  m_LocalPosition: {x: -0.11359694, y: 0.000000024223327, z: -0.000000048446655}
  m_LocalScale: {x: 1, y: 1.0000001, z: 0.99999994}
  m_ConstrainProportionsScale: 0
  m_Children:
  - {fileID: 4540532998353357939}
  m_Father: {fileID: 1718705959320862658}
  m_RootOrder: 0
  m_LocalEulerAnglesHint: {x: 0, y: 0, z: 0}
--- !u!1 &1552287250360549355
GameObject:
  m_ObjectHideFlags: 0
  m_CorrespondingSourceObject: {fileID: 0}
  m_PrefabInstance: {fileID: 0}
  m_PrefabAsset: {fileID: 0}
  serializedVersion: 6
  m_Component:
  - component: {fileID: 1589290570125161823}
  m_Layer: 0
  m_Name: EndRFoot
  m_TagString: Untagged
  m_Icon: {fileID: 0}
  m_NavMeshLayer: 0
  m_StaticEditorFlags: 0
  m_IsActive: 1
--- !u!4 &1589290570125161823
Transform:
  m_ObjectHideFlags: 0
  m_CorrespondingSourceObject: {fileID: 0}
  m_PrefabInstance: {fileID: 0}
  m_PrefabAsset: {fileID: 0}
  m_GameObject: {fileID: 1552287250360549355}
  m_LocalRotation: {x: 4.6314424e-26, y: -2.842171e-14, z: 1.6295439e-12, w: 1}
  m_LocalPosition: {x: -0.2076057, y: 0.00000015745162, z: 0.00000012717247}
  m_LocalScale: {x: 1, y: 1, z: 1}
  m_ConstrainProportionsScale: 0
  m_Children: []
  m_Father: {fileID: 878391512449545487}
  m_RootOrder: 0
  m_LocalEulerAnglesHint: {x: 0, y: 0, z: 0}
--- !u!1 &1654401632792672254
GameObject:
  m_ObjectHideFlags: 0
  m_CorrespondingSourceObject: {fileID: 0}
  m_PrefabInstance: {fileID: 0}
  m_PrefabAsset: {fileID: 0}
  serializedVersion: 6
  m_Component:
  - component: {fileID: 4307391126920179722}
  m_Layer: 0
  m_Name: RToe
  m_TagString: Untagged
  m_Icon: {fileID: 0}
  m_NavMeshLayer: 0
  m_StaticEditorFlags: 0
  m_IsActive: 1
--- !u!4 &4307391126920179722
Transform:
  m_ObjectHideFlags: 0
  m_CorrespondingSourceObject: {fileID: 0}
  m_PrefabInstance: {fileID: 0}
  m_PrefabAsset: {fileID: 0}
  m_GameObject: {fileID: 1654401632792672254}
  m_LocalRotation: {x: 4.6314424e-26, y: -2.842171e-14, z: 1.6295439e-12, w: 1}
  m_LocalPosition: {x: -0.1263904, y: 0.00000021800994, z: -0.027035765}
  m_LocalScale: {x: 1, y: 1, z: 1}
  m_ConstrainProportionsScale: 0
  m_Children:
  - {fileID: 1607552463945899529}
  m_Father: {fileID: 878391512449545487}
  m_RootOrder: 1
  m_LocalEulerAnglesHint: {x: 0, y: 0, z: 0}
--- !u!1 &1805316779108732595
GameObject:
  m_ObjectHideFlags: 0
  m_CorrespondingSourceObject: {fileID: 0}
  m_PrefabInstance: {fileID: 0}
  m_PrefabAsset: {fileID: 0}
  serializedVersion: 6
  m_Component:
  - component: {fileID: 4433669564436972680}
  m_Layer: 0
  m_Name: LEar1
  m_TagString: Untagged
  m_Icon: {fileID: 0}
  m_NavMeshLayer: 0
  m_StaticEditorFlags: 0
  m_IsActive: 1
--- !u!4 &4433669564436972680
Transform:
  m_ObjectHideFlags: 0
  m_CorrespondingSourceObject: {fileID: 0}
  m_PrefabInstance: {fileID: 0}
  m_PrefabAsset: {fileID: 0}
  m_GameObject: {fileID: 1805316779108732595}
  m_LocalRotation: {x: 0.19823477, y: -0.014902697, z: 0.36462775, w: 0.9096854}
  m_LocalPosition: {x: -0.30344382, y: -0.15853561, z: 0.013908163}
  m_LocalScale: {x: 1, y: 0.99999994, z: 0.9999998}
  m_ConstrainProportionsScale: 0
  m_Children:
  - {fileID: 3342108862420602977}
  m_Father: {fileID: 4358955281836216734}
  m_RootOrder: 1
  m_LocalEulerAnglesHint: {x: 0, y: 0, z: 0}
--- !u!1 &1902451315165894710
GameObject:
  m_ObjectHideFlags: 0
  m_CorrespondingSourceObject: {fileID: 0}
  m_PrefabInstance: {fileID: 0}
  m_PrefabAsset: {fileID: 0}
  serializedVersion: 6
  m_Component:
  - component: {fileID: 1237660627929940620}
  - component: {fileID: -3128854258171961207}
  - component: {fileID: 8908825827929427018}
  - component: {fileID: 1231230342732538356}
  m_Layer: 0
  m_Name: PikachuMascle
  m_TagString: Untagged
  m_Icon: {fileID: 0}
  m_NavMeshLayer: 0
  m_StaticEditorFlags: 0
  m_IsActive: 1
--- !u!4 &1237660627929940620
Transform:
  m_ObjectHideFlags: 0
  m_CorrespondingSourceObject: {fileID: 0}
  m_PrefabInstance: {fileID: 0}
  m_PrefabAsset: {fileID: 0}
  m_GameObject: {fileID: 1902451315165894710}
  m_LocalRotation: {x: 0, y: 0, z: 0, w: 1}
  m_LocalPosition: {x: -252.1, y: 1, z: -267.46}
  m_LocalScale: {x: 1, y: 1, z: 1}
  m_ConstrainProportionsScale: 0
  m_Children:
  - {fileID: 1285660371910496019}
  - {fileID: 6938094480107025936}
  m_Father: {fileID: 0}
  m_RootOrder: 0
  m_LocalEulerAnglesHint: {x: 0, y: 0, z: 0}
--- !u!54 &-3128854258171961207
Rigidbody:
  m_ObjectHideFlags: 0
  m_CorrespondingSourceObject: {fileID: 0}
  m_PrefabInstance: {fileID: 0}
  m_PrefabAsset: {fileID: 0}
  m_GameObject: {fileID: 1902451315165894710}
  serializedVersion: 2
  m_Mass: 1
  m_Drag: 0
  m_AngularDrag: 0.05
  m_UseGravity: 0
  m_IsKinematic: 0
  m_Interpolate: 0
  m_Constraints: 0
  m_CollisionDetection: 0
--- !u!95 &8908825827929427018
Animator:
  serializedVersion: 4
  m_ObjectHideFlags: 0
  m_CorrespondingSourceObject: {fileID: 0}
  m_PrefabInstance: {fileID: 0}
  m_PrefabAsset: {fileID: 0}
  m_GameObject: {fileID: 1902451315165894710}
  m_Enabled: 1
  m_Avatar: {fileID: 9000000, guid: e860f3aa203c88e4b855bf69317f6f66, type: 3}
  m_Controller: {fileID: 9100000, guid: f388969a90a2a534497204197fb57ddd, type: 2}
  m_CullingMode: 0
  m_UpdateMode: 0
  m_ApplyRootMotion: 0
  m_LinearVelocityBlending: 0
  m_StabilizeFeet: 0
  m_WarningMessage: 
  m_HasTransformHierarchy: 1
  m_AllowConstantClipSamplingOptimization: 1
  m_KeepAnimatorControllerStateOnDisable: 0
--- !u!114 &1231230342732538356
MonoBehaviour:
  m_ObjectHideFlags: 0
  m_CorrespondingSourceObject: {fileID: 0}
  m_PrefabInstance: {fileID: 0}
  m_PrefabAsset: {fileID: 0}
  m_GameObject: {fileID: 1902451315165894710}
  m_Enabled: 1
  m_EditorHideFlags: 0
  m_Script: {fileID: 11500000, guid: 83db1fb311282d24fa61fc2896001a52, type: 3}
  m_Name: 
  m_EditorClassIdentifier: 
  nome: Pikatchu
  level: 100
  xp: 0
  pvMax: 20
  pv: 0
  percentual: 0
  acoes:
  - Electro Carga
  - Cola Ferrea
  - Electro Carga
  - Electro Carga
  danoAcoes: 05000000050000000500000005000000
  animacoes:
  - {fileID: 1282666949994342688, guid: bd86eb470d4d19d40a2cd73c18852b54, type: 3}
  - {fileID: 1334193302708447894, guid: 9c51a8e7a4698ca4b976ed02cfd8f062, type: 3}
  - {fileID: 168618, guid: dc94908d8bac481439540045d74ec76c, type: 3}
  - {fileID: 168618, guid: dc94908d8bac481439540045d74ec76c, type: 3}
--- !u!1 &1936917945331643743
GameObject:
  m_ObjectHideFlags: 0
  m_CorrespondingSourceObject: {fileID: 0}
  m_PrefabInstance: {fileID: 0}
  m_PrefabAsset: {fileID: 0}
  serializedVersion: 6
  m_Component:
  - component: {fileID: 8127661034820436207}
  m_Layer: 0
  m_Name: Tail2
  m_TagString: Untagged
  m_Icon: {fileID: 0}
  m_NavMeshLayer: 0
  m_StaticEditorFlags: 0
  m_IsActive: 1
--- !u!4 &8127661034820436207
Transform:
  m_ObjectHideFlags: 0
  m_CorrespondingSourceObject: {fileID: 0}
  m_PrefabInstance: {fileID: 0}
  m_PrefabAsset: {fileID: 0}
  m_GameObject: {fileID: 1936917945331643743}
  m_LocalRotation: {x: 0.00000027589098, y: 0.38789213, z: 0.00000024555686, w: 0.92170477}
  m_LocalPosition: {x: -0.13982041, y: -1.8480932e-13, z: 0.000000012111664}
  m_LocalScale: {x: 1, y: 1, z: 1}
  m_ConstrainProportionsScale: 0
  m_Children:
  - {fileID: 3373732130421432531}
  m_Father: {fileID: 4242141522565693040}
  m_RootOrder: 0
  m_LocalEulerAnglesHint: {x: 0, y: 0, z: 0}
--- !u!1 &2647697036316644134
GameObject:
  m_ObjectHideFlags: 0
  m_CorrespondingSourceObject: {fileID: 0}
  m_PrefabInstance: {fileID: 0}
  m_PrefabAsset: {fileID: 0}
  serializedVersion: 6
  m_Component:
  - component: {fileID: 6268593707651509693}
  m_Layer: 0
  m_Name: EndHips
  m_TagString: Untagged
  m_Icon: {fileID: 0}
  m_NavMeshLayer: 0
  m_StaticEditorFlags: 0
  m_IsActive: 1
--- !u!4 &6268593707651509693
Transform:
  m_ObjectHideFlags: 0
  m_CorrespondingSourceObject: {fileID: 0}
  m_PrefabInstance: {fileID: 0}
  m_PrefabAsset: {fileID: 0}
  m_GameObject: {fileID: 2647697036316644134}
  m_LocalRotation: {x: 1.709917e-14, y: 0.00000047683716, z: -8.153519e-21, w: 1}
  m_LocalPosition: {x: -0.33723083, y: 1.8480932e-13, z: -0.0000004572153}
  m_LocalScale: {x: 1, y: 1, z: 1}
  m_ConstrainProportionsScale: 0
  m_Children: []
  m_Father: {fileID: 6154338321311888576}
  m_RootOrder: 0
  m_LocalEulerAnglesHint: {x: 0, y: 0, z: 0}
--- !u!1 &2749456354391250846
GameObject:
  m_ObjectHideFlags: 0
  m_CorrespondingSourceObject: {fileID: 0}
  m_PrefabInstance: {fileID: 0}
  m_PrefabAsset: {fileID: 0}
  serializedVersion: 6
  m_Component:
  - component: {fileID: 385861503658026858}
  m_Layer: 0
  m_Name: EndLFoot
  m_TagString: Untagged
  m_Icon: {fileID: 0}
  m_NavMeshLayer: 0
  m_StaticEditorFlags: 0
  m_IsActive: 1
--- !u!4 &385861503658026858
Transform:
  m_ObjectHideFlags: 0
  m_CorrespondingSourceObject: {fileID: 0}
  m_PrefabInstance: {fileID: 0}
  m_PrefabAsset: {fileID: 0}
  m_GameObject: {fileID: 2749456354391250846}
  m_LocalRotation: {x: -4.9244144e-25, y: -1.7053022e-13, z: -2.8877079e-12, w: 1}
  m_LocalPosition: {x: -0.2076057, y: 0.000000024223327, z: 0.000000006055832}
  m_LocalScale: {x: 1.0000002, y: 1.0000002, z: 1}
  m_ConstrainProportionsScale: 0
  m_Children: []
  m_Father: {fileID: 7778437792101013825}
  m_RootOrder: 0
  m_LocalEulerAnglesHint: {x: 0, y: 0, z: 0}
--- !u!1 &2782229946597207956
GameObject:
  m_ObjectHideFlags: 0
  m_CorrespondingSourceObject: {fileID: 0}
  m_PrefabInstance: {fileID: 0}
  m_PrefabAsset: {fileID: 0}
  serializedVersion: 6
  m_Component:
  - component: {fileID: 8693870528419455982}
  m_Layer: 0
  m_Name: EndREar3
  m_TagString: Untagged
  m_Icon: {fileID: 0}
  m_NavMeshLayer: 0
  m_StaticEditorFlags: 0
  m_IsActive: 1
--- !u!4 &8693870528419455982
Transform:
  m_ObjectHideFlags: 0
  m_CorrespondingSourceObject: {fileID: 0}
  m_PrefabInstance: {fileID: 0}
  m_PrefabAsset: {fileID: 0}
  m_GameObject: {fileID: 2782229946597207956}
  m_LocalRotation: {x: 6.66134e-16, y: 0.000000011175873, z: -0.00000005960465, w: 1}
  m_LocalPosition: {x: -0.14122355, y: 0.0000014533996, z: -0.00000019378662}
  m_LocalScale: {x: 0.9999999, y: 0.99999994, z: 1.0000002}
  m_ConstrainProportionsScale: 0
  m_Children: []
  m_Father: {fileID: 3354409520247499154}
  m_RootOrder: 0
  m_LocalEulerAnglesHint: {x: 0, y: 0, z: 0}
--- !u!1 &3014911166723282281
GameObject:
  m_ObjectHideFlags: 0
  m_CorrespondingSourceObject: {fileID: 0}
  m_PrefabInstance: {fileID: 0}
  m_PrefabAsset: {fileID: 0}
  serializedVersion: 6
  m_Component:
  - component: {fileID: 6938094480107025936}
  m_Layer: 0
  m_Name: pm0025_00_pikachu
  m_TagString: Untagged
  m_Icon: {fileID: 0}
  m_NavMeshLayer: 0
  m_StaticEditorFlags: 0
  m_IsActive: 1
--- !u!4 &6938094480107025936
Transform:
  m_ObjectHideFlags: 0
  m_CorrespondingSourceObject: {fileID: 0}
  m_PrefabInstance: {fileID: 0}
  m_PrefabAsset: {fileID: 0}
  m_GameObject: {fileID: 3014911166723282281}
  m_LocalRotation: {x: -0.00000015695824, y: 0, z: -0, w: 1}
  m_LocalPosition: {x: -0, y: 0, z: 0}
  m_LocalScale: {x: 1, y: 1, z: 1}
  m_ConstrainProportionsScale: 0
  m_Children:
  - {fileID: 2869217028445897478}
  - {fileID: 1545206687259040185}
  - {fileID: 5350253645640144282}
  m_Father: {fileID: 1237660627929940620}
  m_RootOrder: 1
  m_LocalEulerAnglesHint: {x: 0, y: 0, z: 0}
--- !u!1 &3052348537634256902
GameObject:
  m_ObjectHideFlags: 0
  m_CorrespondingSourceObject: {fileID: 0}
  m_PrefabInstance: {fileID: 0}
  m_PrefabAsset: {fileID: 0}
  serializedVersion: 6
  m_Component:
  - component: {fileID: 5394693393244735559}
  m_Layer: 0
  m_Name: LThigh
  m_TagString: Untagged
  m_Icon: {fileID: 0}
  m_NavMeshLayer: 0
  m_StaticEditorFlags: 0
  m_IsActive: 1
--- !u!4 &5394693393244735559
Transform:
  m_ObjectHideFlags: 0
  m_CorrespondingSourceObject: {fileID: 0}
  m_PrefabInstance: {fileID: 0}
  m_PrefabAsset: {fileID: 0}
  m_GameObject: {fileID: 3052348537634256902}
  m_LocalRotation: {x: -0.101559214, y: 0.42195255, z: -0.04763314, w: 0.8996515}
  m_LocalPosition: {x: -0.08128966, y: 0.16238296, z: -0.050257202}
  m_LocalScale: {x: 0.99999994, y: 0.99999994, z: 1}
  m_ConstrainProportionsScale: 0
  m_Children:
  - {fileID: 1756839708849236539}
  m_Father: {fileID: 6154338321311888576}
  m_RootOrder: 2
  m_LocalEulerAnglesHint: {x: 0, y: 0, z: 0}
--- !u!1 &4036629185366548625
GameObject:
  m_ObjectHideFlags: 0
  m_CorrespondingSourceObject: {fileID: 0}
  m_PrefabInstance: {fileID: 0}
  m_PrefabAsset: {fileID: 0}
  serializedVersion: 6
  m_Component:
  - component: {fileID: 5579248929601366425}
  m_Layer: 0
  m_Name: RHand
  m_TagString: Untagged
  m_Icon: {fileID: 0}
  m_NavMeshLayer: 0
  m_StaticEditorFlags: 0
  m_IsActive: 1
--- !u!4 &5579248929601366425
Transform:
  m_ObjectHideFlags: 0
  m_CorrespondingSourceObject: {fileID: 0}
  m_PrefabInstance: {fileID: 0}
  m_PrefabAsset: {fileID: 0}
  m_GameObject: {fileID: 4036629185366548625}
  m_LocalRotation: {x: -0.11479143, y: 0.000000029605317, z: 0.0000000034210512, w: 0.9933896}
  m_LocalPosition: {x: -0.11359907, y: 0.0000004360199, z: 0.0000016956329}
  m_LocalScale: {x: 1, y: 0.99999994, z: 0.99999994}
  m_ConstrainProportionsScale: 0
  m_Children:
  - {fileID: 7273490172736216700}
  m_Father: {fileID: 7655314541400306631}
  m_RootOrder: 0
  m_LocalEulerAnglesHint: {x: 0, y: 0, z: 0}
--- !u!1 &4656034054129810547
GameObject:
  m_ObjectHideFlags: 0
  m_CorrespondingSourceObject: {fileID: 0}
  m_PrefabInstance: {fileID: 0}
  m_PrefabAsset: {fileID: 0}
  serializedVersion: 6
  m_Component:
  - component: {fileID: 7273490172736216700}
  m_Layer: 0
  m_Name: EndRHand
  m_TagString: Untagged
  m_Icon: {fileID: 0}
  m_NavMeshLayer: 0
  m_StaticEditorFlags: 0
  m_IsActive: 1
--- !u!4 &7273490172736216700
Transform:
  m_ObjectHideFlags: 0
  m_CorrespondingSourceObject: {fileID: 0}
  m_PrefabInstance: {fileID: 0}
  m_PrefabAsset: {fileID: 0}
  m_GameObject: {fileID: 4656034054129810547}
  m_LocalRotation: {x: -0.00000002980232, y: 0.000000044703476, z: 0.00000002980232, w: 1}
  m_LocalPosition: {x: -0.08620787, y: -0.0000017925262, z: -0.00000038757324}
  m_LocalScale: {x: 1.0000001, y: 1.0000001, z: 1.0000001}
  m_ConstrainProportionsScale: 0
  m_Children: []
  m_Father: {fileID: 5579248929601366425}
  m_RootOrder: 0
  m_LocalEulerAnglesHint: {x: 0, y: 0, z: 0}
--- !u!1 &4734868941501423721
GameObject:
  m_ObjectHideFlags: 0
  m_CorrespondingSourceObject: {fileID: 0}
  m_PrefabInstance: {fileID: 0}
  m_PrefabAsset: {fileID: 0}
  serializedVersion: 6
  m_Component:
  - component: {fileID: 8265034337127320237}
  m_Layer: 0
  m_Name: LToe
  m_TagString: Untagged
  m_Icon: {fileID: 0}
  m_NavMeshLayer: 0
  m_StaticEditorFlags: 0
  m_IsActive: 1
--- !u!4 &8265034337127320237
Transform:
  m_ObjectHideFlags: 0
  m_CorrespondingSourceObject: {fileID: 0}
  m_PrefabInstance: {fileID: 0}
  m_PrefabAsset: {fileID: 0}
  m_GameObject: {fileID: 4734868941501423721}
  m_LocalRotation: {x: -4.9244144e-25, y: -1.7053022e-13, z: -2.8877079e-12, w: 1}
  m_LocalPosition: {x: -0.12639293, y: 0, z: -0.027035758}
  m_LocalScale: {x: 1.0000002, y: 1.0000002, z: 1}
  m_ConstrainProportionsScale: 0
  m_Children:
  - {fileID: 7900979711893570572}
  m_Father: {fileID: 7778437792101013825}
  m_RootOrder: 1
  m_LocalEulerAnglesHint: {x: 0, y: 0, z: 0}
--- !u!1 &4949553111641858874
GameObject:
  m_ObjectHideFlags: 0
  m_CorrespondingSourceObject: {fileID: 0}
  m_PrefabInstance: {fileID: 0}
  m_PrefabAsset: {fileID: 0}
  serializedVersion: 6
  m_Component:
  - component: {fileID: 4540532998353357939}
  m_Layer: 0
  m_Name: EndLHand
  m_TagString: Untagged
  m_Icon: {fileID: 0}
  m_NavMeshLayer: 0
  m_StaticEditorFlags: 0
  m_IsActive: 1
--- !u!4 &4540532998353357939
Transform:
  m_ObjectHideFlags: 0
  m_CorrespondingSourceObject: {fileID: 0}
  m_PrefabInstance: {fileID: 0}
  m_PrefabAsset: {fileID: 0}
  m_GameObject: {fileID: 4949553111641858874}
  m_LocalRotation: {x: -0.000000029802322, y: -0.000000022351742, z: 0.0000000074505797, w: 1}
  m_LocalPosition: {x: -0.08620889, y: 0, z: 0}
  m_LocalScale: {x: 1, y: 1, z: 0.99999994}
  m_ConstrainProportionsScale: 0
  m_Children: []
  m_Father: {fileID: 5612616347145778690}
  m_RootOrder: 0
  m_LocalEulerAnglesHint: {x: 0, y: 0, z: 0}
--- !u!1 &4980944626672271049
GameObject:
  m_ObjectHideFlags: 0
  m_CorrespondingSourceObject: {fileID: 0}
  m_PrefabInstance: {fileID: 0}
  m_PrefabAsset: {fileID: 0}
  serializedVersion: 6
  m_Component:
  - component: {fileID: 8627025434504156747}
  m_Layer: 0
  m_Name: RLeg
  m_TagString: Untagged
  m_Icon: {fileID: 0}
  m_NavMeshLayer: 0
  m_StaticEditorFlags: 0
  m_IsActive: 1
--- !u!4 &8627025434504156747
Transform:
  m_ObjectHideFlags: 0
  m_CorrespondingSourceObject: {fileID: 0}
  m_PrefabInstance: {fileID: 0}
  m_PrefabAsset: {fileID: 0}
  m_GameObject: {fileID: 4980944626672271049}
  m_LocalRotation: {x: -0.00000011617783, y: -0.6831593, z: -0.000000039904002, w: 0.73026943}
  m_LocalPosition: {x: -0.1591557, y: -0.000000036334992, z: -0.00000014533997}
  m_LocalScale: {x: 1.0000002, y: 1, z: 1}
  m_ConstrainProportionsScale: 0
  m_Children:
  - {fileID: 878391512449545487}
  m_Father: {fileID: 1814420213080758251}
  m_RootOrder: 0
  m_LocalEulerAnglesHint: {x: 0, y: 0, z: 0}
--- !u!1 &5191900112541648400
GameObject:
  m_ObjectHideFlags: 0
  m_CorrespondingSourceObject: {fileID: 0}
  m_PrefabInstance: {fileID: 0}
  m_PrefabAsset: {fileID: 0}
  serializedVersion: 6
  m_Component:
  - component: {fileID: 6763308455046396572}
  m_Layer: 0
  m_Name: LShoulder
  m_TagString: Untagged
  m_Icon: {fileID: 0}
  m_NavMeshLayer: 0
  m_StaticEditorFlags: 0
  m_IsActive: 1
--- !u!4 &6763308455046396572
Transform:
  m_ObjectHideFlags: 0
  m_CorrespondingSourceObject: {fileID: 0}
  m_PrefabInstance: {fileID: 0}
  m_PrefabAsset: {fileID: 0}
  m_GameObject: {fileID: 5191900112541648400}
  m_LocalRotation: {x: -0.31814778, y: 0.2273934, z: 0.537318, w: 0.7472373}
  m_LocalPosition: {x: -0.08187538, y: -0.0898157, z: 0.034188423}
  m_LocalScale: {x: 0.99999994, y: 1.0000001, z: 1}
  m_ConstrainProportionsScale: 0
  m_Children:
  - {fileID: 7651864646910388675}
  m_Father: {fileID: 3702722105426504952}
  m_RootOrder: 1
  m_LocalEulerAnglesHint: {x: 0, y: 0, z: 0}
--- !u!1 &6153811404240136155
GameObject:
  m_ObjectHideFlags: 0
  m_CorrespondingSourceObject: {fileID: 0}
  m_PrefabInstance: {fileID: 0}
  m_PrefabAsset: {fileID: 0}
  serializedVersion: 6
  m_Component:
  - component: {fileID: 3702722105426504952}
  m_Layer: 0
  m_Name: Spine2
  m_TagString: Untagged
  m_Icon: {fileID: 0}
  m_NavMeshLayer: 0
  m_StaticEditorFlags: 0
  m_IsActive: 1
--- !u!4 &3702722105426504952
Transform:
  m_ObjectHideFlags: 0
  m_CorrespondingSourceObject: {fileID: 0}
  m_PrefabInstance: {fileID: 0}
  m_PrefabAsset: {fileID: 0}
  m_GameObject: {fileID: 6153811404240136155}
  m_LocalRotation: {x: 0, y: 0.07636663, z: -0, w: 0.99707985}
  m_LocalPosition: {x: -0.14100508, y: -9.240466e-14, z: 0}
  m_LocalScale: {x: 1, y: 1, z: 1}
  m_ConstrainProportionsScale: 0
  m_Children:
  - {fileID: 4358955281836216734}
  - {fileID: 6763308455046396572}
  - {fileID: 3977227014214130939}
  m_Father: {fileID: 7609750343727983091}
  m_RootOrder: 0
  m_LocalEulerAnglesHint: {x: 0, y: 0, z: 0}
--- !u!1 &6614964978427216058
GameObject:
  m_ObjectHideFlags: 0
  m_CorrespondingSourceObject: {fileID: 0}
  m_PrefabInstance: {fileID: 0}
  m_PrefabAsset: {fileID: 0}
  serializedVersion: 6
  m_Component:
  - component: {fileID: 1545206687259040185}
  m_Layer: 0
  m_Name: pm0025_00_BodySkin
  m_TagString: Untagged
  m_Icon: {fileID: 0}
  m_NavMeshLayer: 0
  m_StaticEditorFlags: 0
  m_IsActive: 1
--- !u!4 &1545206687259040185
Transform:
  m_ObjectHideFlags: 0
  m_CorrespondingSourceObject: {fileID: 0}
  m_PrefabInstance: {fileID: 0}
  m_PrefabAsset: {fileID: 0}
  m_GameObject: {fileID: 6614964978427216058}
  m_LocalRotation: {x: 0, y: -0, z: -0, w: 1}
  m_LocalPosition: {x: -0, y: 0, z: 0}
  m_LocalScale: {x: 1, y: 1, z: 1}
  m_ConstrainProportionsScale: 0
  m_Children: []
  m_Father: {fileID: 6938094480107025936}
  m_RootOrder: 1
  m_LocalEulerAnglesHint: {x: 0, y: 0, z: 0}
--- !u!1 &6957664385105138172
GameObject:
  m_ObjectHideFlags: 0
  m_CorrespondingSourceObject: {fileID: 0}
  m_PrefabInstance: {fileID: 0}
  m_PrefabAsset: {fileID: 0}
  serializedVersion: 6
  m_Component:
  - component: {fileID: 416953400162032586}
  m_Layer: 0
  m_Name: EndTail3
  m_TagString: Untagged
  m_Icon: {fileID: 0}
  m_NavMeshLayer: 0
  m_StaticEditorFlags: 0
  m_IsActive: 1
--- !u!4 &416953400162032586
Transform:
  m_ObjectHideFlags: 0
  m_CorrespondingSourceObject: {fileID: 0}
  m_PrefabInstance: {fileID: 0}
  m_PrefabAsset: {fileID: 0}
  m_GameObject: {fileID: 6957664385105138172}
  m_LocalRotation: {x: 0, y: 0, z: -2.273737e-13, w: 1}
  m_LocalPosition: {x: -0.4283812, y: -0.000000025400007, z: -0.000000048446655}
  m_LocalScale: {x: 0.9999999, y: 1, z: 0.9999999}
  m_ConstrainProportionsScale: 0
  m_Children: []
  m_Father: {fileID: 3373732130421432531}
  m_RootOrder: 0
  m_LocalEulerAnglesHint: {x: 0, y: 0, z: 0}
--- !u!1 &7010193204050618012
GameObject:
  m_ObjectHideFlags: 0
  m_CorrespondingSourceObject: {fileID: 0}
  m_PrefabInstance: {fileID: 0}
  m_PrefabAsset: {fileID: 0}
  serializedVersion: 6
  m_Component:
  - component: {fileID: 9115888458655109648}
  m_Layer: 0
  m_Name: Waist
  m_TagString: Untagged
  m_Icon: {fileID: 0}
  m_NavMeshLayer: 0
  m_StaticEditorFlags: 0
  m_IsActive: 1
--- !u!4 &9115888458655109648
Transform:
  m_ObjectHideFlags: 0
  m_CorrespondingSourceObject: {fileID: 0}
  m_PrefabInstance: {fileID: 0}
  m_PrefabAsset: {fileID: 0}
  m_GameObject: {fileID: 7010193204050618012}
  m_LocalRotation: {x: 0.03050339, y: 0.030503277, z: -0.70644987, w: 0.70644724}
  m_LocalPosition: {x: -0, y: 0.3628466, z: 0.006673138}
  m_LocalScale: {x: 1, y: 1, z: 1}
  m_ConstrainProportionsScale: 0
  m_Children:
  - {fileID: 6154338321311888576}
  - {fileID: 7609750343727983091}
  m_Father: {fileID: 2869217028445897478}
  m_RootOrder: 0
  m_LocalEulerAnglesHint: {x: 0, y: 0, z: 0}
--- !u!1 &7187816536034578032
GameObject:
  m_ObjectHideFlags: 0
  m_CorrespondingSourceObject: {fileID: 0}
  m_PrefabInstance: {fileID: 0}
  m_PrefabAsset: {fileID: 0}
  serializedVersion: 6
  m_Component:
  - component: {fileID: 3373732130421432531}
  m_Layer: 0
  m_Name: Tail3
  m_TagString: Untagged
  m_Icon: {fileID: 0}
  m_NavMeshLayer: 0
  m_StaticEditorFlags: 0
  m_IsActive: 1
--- !u!4 &3373732130421432531
Transform:
  m_ObjectHideFlags: 0
  m_CorrespondingSourceObject: {fileID: 0}
  m_PrefabInstance: {fileID: 0}
  m_PrefabAsset: {fileID: 0}
  m_GameObject: {fileID: 7187816536034578032}
  m_LocalRotation: {x: 8.662545e-14, y: 0.121574976, z: -2.3968308e-13, w: 0.99258226}
  m_LocalPosition: {x: -0.32623753, y: -0.000000025399823, z: 0.000000012111664}
  m_LocalScale: {x: 0.99999994, y: 1, z: 0.99999994}
  m_ConstrainProportionsScale: 0
  m_Children:
  - {fileID: 416953400162032586}
  m_Father: {fileID: 8127661034820436207}
  m_RootOrder: 0
  m_LocalEulerAnglesHint: {x: 0, y: 0, z: 0}
--- !u!1 &7422087412712247636
GameObject:
  m_ObjectHideFlags: 0
  m_CorrespondingSourceObject: {fileID: 0}
  m_PrefabInstance: {fileID: 0}
  m_PrefabAsset: {fileID: 0}
  serializedVersion: 6
  m_Component:
  - component: {fileID: 7609750343727983091}
  m_Layer: 0
  m_Name: Spine1
  m_TagString: Untagged
  m_Icon: {fileID: 0}
  m_NavMeshLayer: 0
  m_StaticEditorFlags: 0
  m_IsActive: 1
--- !u!4 &7609750343727983091
Transform:
  m_ObjectHideFlags: 0
  m_CorrespondingSourceObject: {fileID: 0}
  m_PrefabInstance: {fileID: 0}
  m_PrefabAsset: {fileID: 0}
  m_GameObject: {fileID: 7422087412712247636}
  m_LocalRotation: {x: 0, y: -0, z: -0, w: 1}
  m_LocalPosition: {x: -0, y: 0, z: 0}
  m_LocalScale: {x: 0.99999976, y: 1, z: 0.99999976}
  m_ConstrainProportionsScale: 0
  m_Children:
  - {fileID: 3702722105426504952}
  m_Father: {fileID: 9115888458655109648}
  m_RootOrder: 1
  m_LocalEulerAnglesHint: {x: 0, y: 0, z: 0}
--- !u!1 &7427459247822191751
GameObject:
  m_ObjectHideFlags: 0
  m_CorrespondingSourceObject: {fileID: 0}
  m_PrefabInstance: {fileID: 0}
  m_PrefabAsset: {fileID: 0}
  serializedVersion: 6
  m_Component:
  - component: {fileID: 3977227014214130939}
  m_Layer: 0
  m_Name: RShoulder
  m_TagString: Untagged
  m_Icon: {fileID: 0}
  m_NavMeshLayer: 0
  m_StaticEditorFlags: 0
  m_IsActive: 1
--- !u!4 &3977227014214130939
Transform:
  m_ObjectHideFlags: 0
  m_CorrespondingSourceObject: {fileID: 0}
  m_PrefabInstance: {fileID: 0}
  m_PrefabAsset: {fileID: 0}
  m_GameObject: {fileID: 7427459247822191751}
  m_LocalRotation: {x: 0.31814784, y: 0.22739342, z: -0.53731805, w: 0.74723727}
  m_LocalPosition: {x: -0.08187615, y: 0.08981567, z: 0.034188416}
  m_LocalScale: {x: 0.99999994, y: 1, z: 1.0000001}
  m_ConstrainProportionsScale: 0
  m_Children:
  - {fileID: 2040866944190448549}
  m_Father: {fileID: 3702722105426504952}
  m_RootOrder: 2
  m_LocalEulerAnglesHint: {x: 0, y: 0, z: 0}
--- !u!1 &7627937654205478194
GameObject:
  m_ObjectHideFlags: 0
  m_CorrespondingSourceObject: {fileID: 0}
  m_PrefabInstance: {fileID: 0}
  m_PrefabAsset: {fileID: 0}
  serializedVersion: 6
  m_Component:
  - component: {fileID: 7900979711893570572}
  m_Layer: 0
  m_Name: EndLToe
  m_TagString: Untagged
  m_Icon: {fileID: 0}
  m_NavMeshLayer: 0
  m_StaticEditorFlags: 0
  m_IsActive: 1
--- !u!4 &7900979711893570572
Transform:
  m_ObjectHideFlags: 0
  m_CorrespondingSourceObject: {fileID: 0}
  m_PrefabInstance: {fileID: 0}
  m_PrefabAsset: {fileID: 0}
  m_GameObject: {fileID: 7627937654205478194}
  m_LocalRotation: {x: 0, y: 0, z: -2.8877087e-12, w: 1}
  m_LocalPosition: {x: -0.083119415, y: -0.000000036334992, z: -0.000000003027916}
  m_LocalScale: {x: 0.9999999, y: 0.9999999, z: 1}
  m_ConstrainProportionsScale: 0
  m_Children: []
  m_Father: {fileID: 8265034337127320237}
  m_RootOrder: 0
  m_LocalEulerAnglesHint: {x: 0, y: 0, z: 0}
--- !u!1 &7729272824264782084
GameObject:
  m_ObjectHideFlags: 0
  m_CorrespondingSourceObject: {fileID: 0}
  m_PrefabInstance: {fileID: 0}
  m_PrefabAsset: {fileID: 0}
  serializedVersion: 6
  m_Component:
  - component: {fileID: 8098963012678840677}
  m_Layer: 0
  m_Name: EndFeeler
  m_TagString: Untagged
  m_Icon: {fileID: 0}
  m_NavMeshLayer: 0
  m_StaticEditorFlags: 0
  m_IsActive: 1
--- !u!4 &8098963012678840677
Transform:
  m_ObjectHideFlags: 0
  m_CorrespondingSourceObject: {fileID: 0}
  m_PrefabInstance: {fileID: 0}
  m_PrefabAsset: {fileID: 0}
  m_GameObject: {fileID: 7729272824264782084}
  m_LocalRotation: {x: 1.3072876e-14, y: 2.9724279e-27, z: 2.2737368e-13, w: 1}
  m_LocalPosition: {x: -0.19525494, y: 0, z: 0}
  m_LocalScale: {x: 1, y: 1, z: 1}
  m_ConstrainProportionsScale: 0
  m_Children: []
  m_Father: {fileID: 852692599589443695}
  m_RootOrder: 0
  m_LocalEulerAnglesHint: {x: 0, y: 0, z: 0}
--- !u!1 &7799560389215926600
GameObject:
  m_ObjectHideFlags: 0
  m_CorrespondingSourceObject: {fileID: 0}
  m_PrefabInstance: {fileID: 0}
  m_PrefabAsset: {fileID: 0}
  serializedVersion: 6
  m_Component:
  - component: {fileID: 1718705959320862658}
  m_Layer: 0
  m_Name: LForeArm
  m_TagString: Untagged
  m_Icon: {fileID: 0}
  m_NavMeshLayer: 0
  m_StaticEditorFlags: 0
  m_IsActive: 1
--- !u!4 &1718705959320862658
Transform:
  m_ObjectHideFlags: 0
  m_CorrespondingSourceObject: {fileID: 0}
  m_PrefabInstance: {fileID: 0}
  m_PrefabAsset: {fileID: 0}
  m_GameObject: {fileID: 7799560389215926600}
  m_LocalRotation: {x: 0.000000014901161, y: 0.000000007450581, z: 0.000000007450581, w: 1}
  m_LocalPosition: {x: -0.13772851, y: 0, z: 0.000000024223327}
  m_LocalScale: {x: 1, y: 1, z: 1}
  m_ConstrainProportionsScale: 0
  m_Children:
  - {fileID: 5612616347145778690}
  m_Father: {fileID: 7651864646910388675}
  m_RootOrder: 0
  m_LocalEulerAnglesHint: {x: 0, y: 0, z: 0}
--- !u!1 &7966120997199547590
GameObject:
  m_ObjectHideFlags: 0
  m_CorrespondingSourceObject: {fileID: 0}
  m_PrefabInstance: {fileID: 0}
  m_PrefabAsset: {fileID: 0}
  serializedVersion: 6
  m_Component:
  - component: {fileID: 4358955281836216734}
  m_Layer: 0
  m_Name: Head
  m_TagString: Untagged
  m_Icon: {fileID: 0}
  m_NavMeshLayer: 0
  m_StaticEditorFlags: 0
  m_IsActive: 1
--- !u!4 &4358955281836216734
Transform:
  m_ObjectHideFlags: 0
  m_CorrespondingSourceObject: {fileID: 0}
  m_PrefabInstance: {fileID: 0}
  m_PrefabAsset: {fileID: 0}
  m_GameObject: {fileID: 7966120997199547590}
  m_LocalRotation: {x: 6.0827645e-14, y: -0.23737477, z: 2.4892737e-13, w: 0.97141814}
  m_LocalPosition: {x: -0.22435015, y: -3.6961864e-13, z: 0}
  m_LocalScale: {x: 1.0000002, y: 1, z: 1.0000002}
  m_ConstrainProportionsScale: 0
  m_Children:
  - {fileID: 1531981956697999798}
  - {fileID: 4433669564436972680}
  - {fileID: 127094914688438550}
  m_Father: {fileID: 3702722105426504952}
  m_RootOrder: 0
  m_LocalEulerAnglesHint: {x: 0, y: 0, z: 0}
--- !u!1 &8051135263927687304
GameObject:
  m_ObjectHideFlags: 0
  m_CorrespondingSourceObject: {fileID: 0}
  m_PrefabInstance: {fileID: 0}
  m_PrefabAsset: {fileID: 0}
  serializedVersion: 6
  m_Component:
  - component: {fileID: 6568944299043400111}
  m_Layer: 0
  m_Name: EndLEar3
  m_TagString: Untagged
  m_Icon: {fileID: 0}
  m_NavMeshLayer: 0
  m_StaticEditorFlags: 0
  m_IsActive: 1
--- !u!4 &6568944299043400111
Transform:
  m_ObjectHideFlags: 0
  m_CorrespondingSourceObject: {fileID: 0}
  m_PrefabInstance: {fileID: 0}
  m_PrefabAsset: {fileID: 0}
  m_GameObject: {fileID: 8051135263927687304}
  m_LocalRotation: {x: 0.0000000037252903, y: 0.000000007450581, z: -2.7755576e-17, w: 1}
  m_LocalPosition: {x: -0.14122394, y: -0.000000048446655, z: 0.000000012111664}
  m_LocalScale: {x: 1, y: 1, z: 1}
  m_ConstrainProportionsScale: 0
  m_Children: []
  m_Father: {fileID: 8620675016919609639}
  m_RootOrder: 0
  m_LocalEulerAnglesHint: {x: 0, y: 0, z: 0}
--- !u!1 &8292571333521986583
GameObject:
  m_ObjectHideFlags: 0
  m_CorrespondingSourceObject: {fileID: 0}
  m_PrefabInstance: {fileID: 0}
  m_PrefabAsset: {fileID: 0}
  serializedVersion: 6
  m_Component:
  - component: {fileID: 6154338321311888576}
  m_Layer: 0
  m_Name: Hips
  m_TagString: Untagged
  m_Icon: {fileID: 0}
  m_NavMeshLayer: 0
  m_StaticEditorFlags: 0
  m_IsActive: 1
--- !u!4 &6154338321311888576
Transform:
  m_ObjectHideFlags: 0
  m_CorrespondingSourceObject: {fileID: 0}
  m_PrefabInstance: {fileID: 0}
  m_PrefabAsset: {fileID: 0}
  m_GameObject: {fileID: 8292571333521986583}
  m_LocalRotation: {x: -0.04314061, y: 0.000000054684648, z: 0.99906904, w: 0.0000012664109}
  m_LocalPosition: {x: -0, y: 0, z: 0}
  m_LocalScale: {x: 0.99999976, y: 1, z: 0.99999976}
  m_ConstrainProportionsScale: 0
  m_Children:
  - {fileID: 6268593707651509693}
  - {fileID: 852692599589443695}
  - {fileID: 5394693393244735559}
  - {fileID: 1814420213080758251}
  - {fileID: 4242141522565693040}
  m_Father: {fileID: 9115888458655109648}
  m_RootOrder: 0
  m_LocalEulerAnglesHint: {x: 0, y: 0, z: 0}
--- !u!1 &8315256640658234725
GameObject:
  m_ObjectHideFlags: 0
  m_CorrespondingSourceObject: {fileID: 0}
  m_PrefabInstance: {fileID: 0}
  m_PrefabAsset: {fileID: 0}
  serializedVersion: 6
  m_Component:
  - component: {fileID: 852692599589443695}
  m_Layer: 0
  m_Name: Feeler
  m_TagString: Untagged
  m_Icon: {fileID: 0}
  m_NavMeshLayer: 0
  m_StaticEditorFlags: 0
  m_IsActive: 1
--- !u!4 &852692599589443695
Transform:
  m_ObjectHideFlags: 0
  m_CorrespondingSourceObject: {fileID: 0}
  m_PrefabInstance: {fileID: 0}
  m_PrefabAsset: {fileID: 0}
  m_GameObject: {fileID: 8315256640658234725}
  m_LocalRotation: {x: 1.709917e-14, y: 0.00000047683716, z: -8.153519e-21, w: 1}
  m_LocalPosition: {x: -0.10302564, y: 3.6961864e-13, z: -0.00072783645}
  m_LocalScale: {x: 1, y: 1, z: 1}
  m_ConstrainProportionsScale: 0
  m_Children:
  - {fileID: 8098963012678840677}
  m_Father: {fileID: 6154338321311888576}
  m_RootOrder: 1
  m_LocalEulerAnglesHint: {x: 0, y: 0, z: 0}
--- !u!1 &8316048080311791769
GameObject:
  m_ObjectHideFlags: 0
  m_CorrespondingSourceObject: {fileID: 0}
  m_PrefabInstance: {fileID: 0}
  m_PrefabAsset: {fileID: 0}
  serializedVersion: 6
  m_Component:
  - component: {fileID: 1814420213080758251}
  m_Layer: 0
  m_Name: RThigh
  m_TagString: Untagged
  m_Icon: {fileID: 0}
  m_NavMeshLayer: 0
  m_StaticEditorFlags: 0
  m_IsActive: 1
--- !u!4 &1814420213080758251
Transform:
  m_ObjectHideFlags: 0
  m_CorrespondingSourceObject: {fileID: 0}
  m_PrefabInstance: {fileID: 0}
  m_PrefabAsset: {fileID: 0}
  m_GameObject: {fileID: 8316048080311791769}
  m_LocalRotation: {x: 0.10155933, y: 0.42195255, z: 0.04763298, w: 0.8996515}
  m_LocalPosition: {x: -0.08128942, y: -0.16238296, z: -0.05025745}
  m_LocalScale: {x: 0.99999994, y: 0.99999994, z: 1.0000001}
  m_ConstrainProportionsScale: 0
  m_Children:
  - {fileID: 8627025434504156747}
  m_Father: {fileID: 6154338321311888576}
  m_RootOrder: 3
  m_LocalEulerAnglesHint: {x: 0, y: 0, z: 0}
--- !u!1 &8502640018951709845
GameObject:
  m_ObjectHideFlags: 0
  m_CorrespondingSourceObject: {fileID: 0}
  m_PrefabInstance: {fileID: 0}
  m_PrefabAsset: {fileID: 0}
  serializedVersion: 6
  m_Component:
  - component: {fileID: 8620675016919609639}
  m_Layer: 0
  m_Name: LEar3
  m_TagString: Untagged
  m_Icon: {fileID: 0}
  m_NavMeshLayer: 0
  m_StaticEditorFlags: 0
  m_IsActive: 1
--- !u!4 &8620675016919609639
Transform:
  m_ObjectHideFlags: 0
  m_CorrespondingSourceObject: {fileID: 0}
  m_PrefabInstance: {fileID: 0}
  m_PrefabAsset: {fileID: 0}
  m_GameObject: {fileID: 8502640018951709845}
  m_LocalRotation: {x: 0.000000022351738, y: -0.000000014901161, z: -0.000000014901161, w: 1}
  m_LocalPosition: {x: -0.12959082, y: -0.00000019378662, z: 0.000000012111664}
  m_LocalScale: {x: 1, y: 1.0000001, z: 1.0000002}
  m_ConstrainProportionsScale: 0
  m_Children:
  - {fileID: 6568944299043400111}
  m_Father: {fileID: 3342108862420602977}
  m_RootOrder: 0
  m_LocalEulerAnglesHint: {x: 0, y: 0, z: 0}
--- !u!1 &8736205128902753296
GameObject:
  m_ObjectHideFlags: 0
  m_CorrespondingSourceObject: {fileID: 0}
  m_PrefabInstance: {fileID: 0}
  m_PrefabAsset: {fileID: 0}
  serializedVersion: 6
  m_Component:
  - component: {fileID: 3354409520247499154}
  m_Layer: 0
  m_Name: REar3
  m_TagString: Untagged
  m_Icon: {fileID: 0}
  m_NavMeshLayer: 0
  m_StaticEditorFlags: 0
  m_IsActive: 1
--- !u!4 &3354409520247499154
Transform:
  m_ObjectHideFlags: 0
  m_CorrespondingSourceObject: {fileID: 0}
  m_PrefabInstance: {fileID: 0}
  m_PrefabAsset: {fileID: 0}
  m_GameObject: {fileID: 8736205128902753296}
  m_LocalRotation: {x: 0.0000000074505797, y: -0.000000022351742, z: -0.000000029802322, w: 1}
  m_LocalPosition: {x: -0.12959151, y: -0.000001259613, z: 0.00000006055832}
  m_LocalScale: {x: 1, y: 1, z: 1}
  m_ConstrainProportionsScale: 0
  m_Children:
  - {fileID: 8693870528419455982}
  m_Father: {fileID: 6805668656103366283}
  m_RootOrder: 0
  m_LocalEulerAnglesHint: {x: 0, y: 0, z: 0}
--- !u!1 &8778010337226030924
GameObject:
  m_ObjectHideFlags: 0
  m_CorrespondingSourceObject: {fileID: 0}
  m_PrefabInstance: {fileID: 0}
  m_PrefabAsset: {fileID: 0}
  serializedVersion: 6
  m_Component:
  - component: {fileID: 1607552463945899529}
  m_Layer: 0
  m_Name: EndRToe
  m_TagString: Untagged
  m_Icon: {fileID: 0}
  m_NavMeshLayer: 0
  m_StaticEditorFlags: 0
  m_IsActive: 1
--- !u!4 &1607552463945899529
Transform:
  m_ObjectHideFlags: 0
  m_CorrespondingSourceObject: {fileID: 0}
  m_PrefabInstance: {fileID: 0}
  m_PrefabAsset: {fileID: 0}
  m_GameObject: {fileID: 8778010337226030924}
  m_LocalRotation: {x: 4.6314424e-26, y: -2.842171e-14, z: 1.6295439e-12, w: 1}
  m_LocalPosition: {x: -0.08311945, y: -0.00000025434494, z: 0.000000025737286}
  m_LocalScale: {x: 1, y: 1, z: 1}
  m_ConstrainProportionsScale: 0
  m_Children: []
  m_Father: {fileID: 4307391126920179722}
  m_RootOrder: 0
  m_LocalEulerAnglesHint: {x: 0, y: 0, z: 0}
--- !u!1 &8854856136873272946
GameObject:
  m_ObjectHideFlags: 0
  m_CorrespondingSourceObject: {fileID: 0}
  m_PrefabInstance: {fileID: 0}
  m_PrefabAsset: {fileID: 0}
  serializedVersion: 6
  m_Component:
  - component: {fileID: 3342108862420602977}
  m_Layer: 0
  m_Name: LEar2
  m_TagString: Untagged
  m_Icon: {fileID: 0}
  m_NavMeshLayer: 0
  m_StaticEditorFlags: 0
  m_IsActive: 1
--- !u!4 &3342108862420602977
Transform:
  m_ObjectHideFlags: 0
  m_CorrespondingSourceObject: {fileID: 0}
  m_PrefabInstance: {fileID: 0}
  m_PrefabAsset: {fileID: 0}
  m_GameObject: {fileID: 8854856136873272946}
  m_LocalRotation: {x: 0, y: 0.0000000037252894, z: -0, w: 1}
  m_LocalPosition: {x: -0.1354583, y: 0.000000048446655, z: 0.000000012111664}
  m_LocalScale: {x: 1.0000002, y: 1, z: 1.0000002}
  m_ConstrainProportionsScale: 0
  m_Children:
  - {fileID: 8620675016919609639}
  m_Father: {fileID: 4433669564436972680}
  m_RootOrder: 0
  m_LocalEulerAnglesHint: {x: 0, y: 0, z: 0}
--- !u!1 &8965583906464958917
GameObject:
  m_ObjectHideFlags: 0
  m_CorrespondingSourceObject: {fileID: 0}
  m_PrefabInstance: {fileID: 0}
  m_PrefabAsset: {fileID: 0}
  serializedVersion: 6
  m_Component:
  - component: {fileID: 1531981956697999798}
  m_Layer: 0
  m_Name: EndHead
  m_TagString: Untagged
  m_Icon: {fileID: 0}
  m_NavMeshLayer: 0
  m_StaticEditorFlags: 0
  m_IsActive: 1
--- !u!4 &1531981956697999798
Transform:
  m_ObjectHideFlags: 0
  m_CorrespondingSourceObject: {fileID: 0}
  m_PrefabInstance: {fileID: 0}
  m_PrefabAsset: {fileID: 0}
  m_GameObject: {fileID: 8965583906464958917}
  m_LocalRotation: {x: 2.842171e-14, y: 0, z: -0, w: 1}
  m_LocalPosition: {x: -0.391437, y: 2.77214e-13, z: 0.000000024223327}
  m_LocalScale: {x: 1, y: 1, z: 1}
  m_ConstrainProportionsScale: 0
  m_Children: []
  m_Father: {fileID: 4358955281836216734}
  m_RootOrder: 0
  m_LocalEulerAnglesHint: {x: 0, y: 0, z: 0}
--- !u!1 &8974144974356220279
GameObject:
  m_ObjectHideFlags: 0
  m_CorrespondingSourceObject: {fileID: 0}
  m_PrefabInstance: {fileID: 0}
  m_PrefabAsset: {fileID: 0}
  serializedVersion: 6
  m_Component:
  - component: {fileID: 5350253645640144282}
  m_Layer: 0
  m_Name: VriVis00
  m_TagString: Untagged
  m_Icon: {fileID: 0}
  m_NavMeshLayer: 0
  m_StaticEditorFlags: 0
  m_IsActive: 1
--- !u!4 &5350253645640144282
Transform:
  m_ObjectHideFlags: 0
  m_CorrespondingSourceObject: {fileID: 0}
  m_PrefabInstance: {fileID: 0}
  m_PrefabAsset: {fileID: 0}
  m_GameObject: {fileID: 8974144974356220279}
  m_LocalRotation: {x: 0, y: -0, z: -0, w: 1}
  m_LocalPosition: {x: -0, y: 0, z: 0}
  m_LocalScale: {x: 1, y: 1, z: 1}
  m_ConstrainProportionsScale: 0
  m_Children:
  - {fileID: 6331831705808615514}
  m_Father: {fileID: 6938094480107025936}
  m_RootOrder: 2
  m_LocalEulerAnglesHint: {x: 0, y: 0, z: 0}
--- !u!1 &9032167355126183990
GameObject:
  m_ObjectHideFlags: 0
  m_CorrespondingSourceObject: {fileID: 0}
  m_PrefabInstance: {fileID: 0}
  m_PrefabAsset: {fileID: 0}
  serializedVersion: 6
  m_Component:
  - component: {fileID: 1285660371910496019}
  - component: {fileID: 6551400045061465298}
  m_Layer: 0
  m_Name: PikachuM
  m_TagString: Untagged
  m_Icon: {fileID: 0}
  m_NavMeshLayer: 0
  m_StaticEditorFlags: 0
  m_IsActive: 1
--- !u!4 &1285660371910496019
Transform:
  m_ObjectHideFlags: 0
  m_CorrespondingSourceObject: {fileID: 0}
  m_PrefabInstance: {fileID: 0}
  m_PrefabAsset: {fileID: 0}
  m_GameObject: {fileID: 9032167355126183990}
  m_LocalRotation: {x: -0.7071068, y: 0, z: -0, w: 0.7071068}
  m_LocalPosition: {x: -0, y: 0, z: 0}
  m_LocalScale: {x: 1, y: 1, z: 1}
  m_ConstrainProportionsScale: 0
  m_Children: []
  m_Father: {fileID: 1237660627929940620}
  m_RootOrder: 0
  m_LocalEulerAnglesHint: {x: 0, y: 0, z: 0}
--- !u!137 &6551400045061465298
SkinnedMeshRenderer:
  m_ObjectHideFlags: 0
  m_CorrespondingSourceObject: {fileID: 0}
  m_PrefabInstance: {fileID: 0}
  m_PrefabAsset: {fileID: 0}
  m_GameObject: {fileID: 9032167355126183990}
  m_Enabled: 1
  m_CastShadows: 1
  m_ReceiveShadows: 1
  m_DynamicOccludee: 1
  m_StaticShadowCaster: 0
  m_MotionVectors: 1
  m_LightProbeUsage: 1
  m_ReflectionProbeUsage: 1
  m_RayTracingMode: 3
  m_RayTraceProcedural: 0
  m_RenderingLayerMask: 1
  m_RendererPriority: 0
  m_Materials:
  - {fileID: -8662524793913630059, guid: e860f3aa203c88e4b855bf69317f6f66, type: 3}
  - {fileID: 5290414818648310135, guid: e860f3aa203c88e4b855bf69317f6f66, type: 3}
  - {fileID: 2268340284772520465, guid: e860f3aa203c88e4b855bf69317f6f66, type: 3}
  - {fileID: 6495095659774500520, guid: e860f3aa203c88e4b855bf69317f6f66, type: 3}
  m_StaticBatchInfo:
    firstSubMesh: 0
    subMeshCount: 0
  m_StaticBatchRoot: {fileID: 0}
  m_ProbeAnchor: {fileID: 0}
  m_LightProbeVolumeOverride: {fileID: 0}
  m_ScaleInLightmap: 1
  m_ReceiveGI: 1
  m_PreserveUVs: 0
  m_IgnoreNormalsForChartDetection: 0
  m_ImportantGI: 0
  m_StitchLightmapSeams: 1
  m_SelectedEditorRenderState: 3
  m_MinimumChartSize: 4
  m_AutoUVMaxDistance: 0.5
  m_AutoUVMaxAngle: 89
  m_LightmapParameters: {fileID: 0}
  m_SortingLayerID: 0
  m_SortingLayer: 0
  m_SortingOrder: 0
  serializedVersion: 2
  m_Quality: 0
  m_UpdateWhenOffscreen: 0
  m_SkinnedMotionVectors: 1
  m_Mesh: {fileID: -5644021529458352026, guid: e860f3aa203c88e4b855bf69317f6f66, type: 3}
  m_Bones:
  - {fileID: 6938094480107025936}
  - {fileID: 2869217028445897478}
  - {fileID: 9115888458655109648}
  - {fileID: 6154338321311888576}
  - {fileID: 6268593707651509693}
  - {fileID: 852692599589443695}
  - {fileID: 8098963012678840677}
  - {fileID: 5394693393244735559}
  - {fileID: 1756839708849236539}
  - {fileID: 7778437792101013825}
  - {fileID: 385861503658026858}
  - {fileID: 8265034337127320237}
  - {fileID: 7900979711893570572}
  - {fileID: 1814420213080758251}
  - {fileID: 8627025434504156747}
  - {fileID: 878391512449545487}
  - {fileID: 1589290570125161823}
  - {fileID: 4307391126920179722}
  - {fileID: 1607552463945899529}
  - {fileID: 4242141522565693040}
  - {fileID: 8127661034820436207}
  - {fileID: 3373732130421432531}
  - {fileID: 416953400162032586}
  - {fileID: 7609750343727983091}
  - {fileID: 3702722105426504952}
  - {fileID: 4358955281836216734}
  - {fileID: 1531981956697999798}
  - {fileID: 4433669564436972680}
  - {fileID: 3342108862420602977}
  - {fileID: 8620675016919609639}
  - {fileID: 6568944299043400111}
  - {fileID: 127094914688438550}
  - {fileID: 6805668656103366283}
  - {fileID: 3354409520247499154}
  - {fileID: 8693870528419455982}
  - {fileID: 6763308455046396572}
  - {fileID: 7651864646910388675}
  - {fileID: 1718705959320862658}
  - {fileID: 5612616347145778690}
  - {fileID: 4540532998353357939}
  - {fileID: 3977227014214130939}
  - {fileID: 2040866944190448549}
  - {fileID: 7655314541400306631}
  - {fileID: 5579248929601366425}
  - {fileID: 7273490172736216700}
  - {fileID: 5350253645640144282}
  - {fileID: 6331831705808615514}
  - {fileID: 1545206687259040185}
  m_BlendShapeWeights: []
  m_RootBone: {fileID: 6938094480107025936}
  m_AABB:
    m_Center: {x: 0.00000043213367, y: 0.6486217, z: -0.17408282}
    m_Extent: {x: 0.49871045, y: 0.70620716, z: 0.64349633}
  m_DirtyAABB: 0
